@article{jia2014caffe,
  Author = {Jia, Yangqing and Shelhamer, Evan and Donahue, Jeff and Karayev, Sergey and Long, Jonathan and Girshick, Ross and Guadarrama, Sergio and Darrell, Trevor},
  Journal = {arXiv preprint arXiv:1408.5093},
  Title = {Caffe: Convolutional Architecture for Fast Feature Embedding},
  Year = {2014}
}
@article{suarez2005distintos,
  title={Distintos sistemas de escarda en ma{\'\i}z forrajero},
  author={SU{\'A}REZ, R and VALLADARES, J PI{\~N}EIRO Y J},
  journal={Producciones agroganaderas: Gesti{\'o}n eficiente y conservaci{\'o}n del Medio Natural. Actas de la XLV RC de la SEEP. Gij{\'o}n},
  year={2005}
}
@article{brivot1996segmentation,
  title={Segmentation of plants and weeds for a precision crop protection robot using infrared images},
  author={Brivot, R and Marchant, JA},
  journal={IEE Proceedings-Vision, Image and Signal Processing},
  volume={143},
  number={2},
  pages={118--124},
  year={1996},
  publisher={IET}
}
@inproceedings{cheng2015feature,
  title={A Feature-Based Machine Learning Agent for Automatic Rice and Weed Discrimination.},
  author={Cheng, Beibei and Matson, Eric T},
  booktitle={ICAISC (1)},
  pages={517--527},
  year={2015}
}
@article{jeon2011robust,
  title={Robust crop and weed segmentation under uncontrolled outdoor illumination},
  author={Jeon, Hong Y and Tian, Lei F and Zhu, Heping},
  journal={Sensors},
  volume={11},
  number={6},
  pages={6270--6283},
  year={2011},
  publisher={Molecular Diversity Preservation International}
}
@article{romeo2012crop,
  title={Crop row detection in maize fields inspired on the human visual perception},
  author={Romeo, J and Pajares, G and Montalvo, M and Guerrero, JM and Guijarro, M and Ribeiro, A},
  journal={The Scientific World Journal},
  volume={2012},
  year={2012},
  publisher={Hindawi Publishing Corporation}
}
@article{hlaing2014weed,
  title={Weed and crop segmentation and classification using area thresholding},
  author={Hlaing, Su Hnin and Khaing, Aung Soe},
  journal={IJRET},
  volume={3},
  pages={375--382},
  year={2014}
}
@inproceedings{potena2016fast,
  title={Fast and accurate crop and weed identification with summarized train sets for precision agriculture},
  author={Potena, Ciro and Nardi, Daniele and Pretto, Alberto},
  booktitle={International Conference on Intelligent Autonomous Systems},
  pages={105--121},
  year={2016},
  organization={Springer}
}
@article{di2016automatic,
  title={Automatic Model Based Dataset Generation for Fast and Accurate Crop and Weeds Detection},
  author={Di Cicco, Maurilio and Potena, Ciro and Grisetti, Giorgio and Pretto, Alberto},
  journal={arXiv preprint arXiv:1612.03019},
  year={2016}
}
@inproceedings{sharif2014cnn,
  title={CNN features off-the-shelf: an astounding baseline for recognition},
  author={Sharif Razavian, Ali and Azizpour, Hossein and Sullivan, Josephine and Carlsson, Stefan},
  booktitle={Proceedings of the IEEE conference on computer vision and pattern recognition workshops},
  pages={806--813},
  year={2014}
}
@article{opencv_library,
  title={The OpenCV Library.},
  author={Bradski, Gary},
  journal={Dr. Dobb's Journal: Software Tools for the Professional Programmer},
  volume={25},
  number={11},
  pages={120--123},
  year={2000},
  publisher={Miller Freeman Inc.}
}
@article{fassio1998maiz,
  title={Ma{\'\i}z, aspectos sobre fenolog{\'\i}a, Alberto Fassio, Ana In{\'e}s Carriquiry, Cecilia Tojo, Ricardo Romero},
  author={Fassio, Alberto},
  journal={Serie t{\'e}cnica. 101.},
  year={1998},
  publisher={INIA. Montevideo. UY}
}
@article{sladojevic2016deep,
  title={Deep neural networks based recognition of plant diseases by leaf image classification},
  author={Sladojevic, Srdjan and Arsenovic, Marko and Anderla, Andras and Culibrk, Dubravko and Stefanovic, Darko},
  journal={Computational intelligence and neuroscience},
  volume={2016},
  year={2016},
  publisher={Hindawi Publishing Corporation}
}
@inproceedings{lee2015deep,
  title={Deep-plant: Plant identification with convolutional neural networks},
  author={Lee, Sue Han and Chan, Chee Seng and Wilkin, Paul and Remagnino, Paolo},
  booktitle={Image Processing (ICIP), 2015 IEEE International Conference on},
  pages={452--456},
  year={2015},
  organization={IEEE}
}
@inproceedings{equipo2006proceedings,
  title={Proceedings of VII SEAE CONGRESS SPANISH SOCIETY FOR ORGANIC FARMING},
  author={Equipo T{\'e}cnico, SEAE},
  year={2006}
}
@inproceedings{wang2013path,
  title={Path Recognition for Agricultural Robot Vision Navigation under Weed Environment},
  author={Wang, Peidong and Meng, Zhijun and Luo, ChangHai and Mei, Hebo},
  booktitle={7th International Conference on Computer and Computing Technologies in Agriculture (CCTA)},
  number={Part I},
  pages={242--248},
  year={2013},
  organization={Springer}
}
@article{houtart2014desafio,
  title={El desaf{\'\i}o de la agricultura campesina para el Ecuador},
  author={Houtart, Fran{\c{c}}ois},
  journal={La restauraci{\'o}n conservadora del corre{\'\i}smo},
  pages={167},
  year={2014}
}
@book{ortiz2012m√°quinas,
  title={LAS M{\'A}QUINAS AGR{\'I}COLAS Y SU APLICACI{\'O}N},
  author={Ortiz-Ca{\~n}avate, J. and Elorza, P.B.},
  isbn={9788484764311},
  url={https://books.google.com.ec/books?id=OF2VMQEACAAJ},
  year={2012},
  publisher={Mundi-Prensa}
}
@book{davim2017microfabrication,
  title={Microfabrication and Precision Engineering: Research and Development},
  author={Davim, J Paulo},
  year={2017},
  publisher={Woodhead Publishing}
}
@article{grossman2015globalization,
  title={Globalization and growth},
  author={Grossman, Gene M and Helpman, Elhanan},
  journal={The American Economic Review},
  volume={105},
  number={5},
  pages={100--104},
  year={2015},
  publisher={American Economic Association}
}
